<record><leader>00000cas a22000007a 4500</leader><controlfield tag="001">16505582</controlfield><controlfield tag="008">870818d189u1963aluwr ne      0    0eng d</controlfield><datafield ind1=" " ind2=" " tag="010"><subfield code="a">sn 87050264 </subfield></datafield><datafield ind1=" " ind2=" " tag="040"><subfield code="a">AAR</subfield><subfield code="b">eng</subfield><subfield code="c">AAR</subfield><subfield code="d">CPN</subfield><subfield code="d">OCLCQ</subfield></datafield><datafield ind1=" " ind2=" " tag="042"><subfield code="a">msc</subfield></datafield><datafield ind1=" " ind2="4" tag="050"><subfield code="a">F332.W4</subfield><subfield code="b">W38</subfield></datafield><datafield ind1="0" ind2=" " tag="130"><subfield code="a">Washington County news (St. Stephens, Ala.)</subfield></datafield><datafield ind1="1" ind2="0" tag="245"><subfield code="a">Washington County news.</subfield></datafield><datafield ind1=" " ind2=" " tag="260"><subfield code="a">St. Stephens, Ala. :</subfield><subfield code="b">Washington County Pub. Co.</subfield></datafield><datafield ind1=" " ind2=" " tag="300"><subfield code="a">v.</subfield></datafield><datafield ind1=" " ind2=" " tag="310"><subfield code="a">Weekly</subfield></datafield><datafield ind1="0" ind2=" " tag="362"><subfield code="a">-v. 64, no. 19 (Jan. 3, 1963).</subfield></datafield><datafield ind1=" " ind2=" " tag="500"><subfield code="a">Published in Chatom, Ala., Sept. 10, 1908-Jan. 3, 1963.</subfield></datafield><datafield ind1=" " ind2=" " tag="588"><subfield code="a">Description based on: Vol. 8, no. 1 (Sept. 7, 1899).</subfield></datafield><datafield ind1=" " ind2=" " tag="752"><subfield code="a">United States</subfield><subfield code="b">Alabama</subfield><subfield code="c">Washington</subfield><subfield code="d">St. Stephens.</subfield></datafield><datafield ind1=" " ind2=" " tag="752"><subfield code="a">United States</subfield><subfield code="b">Alabama</subfield><subfield code="c">Washington</subfield><subfield code="d">Chatom.</subfield></datafield><datafield ind1="0" ind2="7" tag="785"><subfield code="t">Citronelle call</subfield><subfield code="w">(DLC)sn 87050265</subfield></datafield><datafield ind1="0" ind2="7" tag="785"><subfield code="t">Call-news dispatch</subfield><subfield code="w">(DLC)sn 87050266</subfield></datafield><datafield ind1="1" ind2=" " tag="029"><subfield code="a">AU@</subfield><subfield code="b">000025822347</subfield></datafield></record>